%YAML 1.1
%TAG !u! tag:unity3d.com,2011:
--- !u!1 &363913975151841731
GameObject:
  m_ObjectHideFlags: 0
  m_CorrespondingSourceObject: {fileID: 2347988035954984327, guid: 9849c94427ad04649b7f6f6888ae371a,
    type: 3}
  m_PrefabInstance: {fileID: 0}
  m_PrefabAsset: {fileID: 0}
  serializedVersion: 6
  m_Component:
  - component: {fileID: 8545607635221944938}
  m_Layer: 8
  m_Name: Bone.008
  m_TagString: Untagged
  m_Icon: {fileID: 0}
  m_NavMeshLayer: 0
  m_StaticEditorFlags: 0
  m_IsActive: 1
--- !u!4 &8545607635221944938
Transform:
  m_ObjectHideFlags: 0
  m_CorrespondingSourceObject: {fileID: 2249074176878969948, guid: 9849c94427ad04649b7f6f6888ae371a,
    type: 3}
  m_PrefabInstance: {fileID: 0}
  m_PrefabAsset: {fileID: 0}
  m_GameObject: {fileID: 363913975151841731}
  m_LocalRotation: {x: -0.00000002267496, y: 0.97636074, z: 0.2161475, w: -0.00000027778384}
  m_LocalPosition: {x: 2.3333417e-18, y: 0.0047966237, z: 2.3283064e-12}
  m_LocalScale: {x: 1, y: 1, z: 1}
  m_Children:
  - {fileID: 1487597311940153195}
  - {fileID: 5711465161507172392}
  m_Father: {fileID: 3349543089398006135}
  m_RootOrder: 1
  m_LocalEulerAnglesHint: {x: 0, y: 0, z: 0}
--- !u!1 &640938095594422162
GameObject:
  m_ObjectHideFlags: 0
  m_CorrespondingSourceObject: {fileID: 6044434631355564070, guid: 9849c94427ad04649b7f6f6888ae371a,
    type: 3}
  m_PrefabInstance: {fileID: 0}
  m_PrefabAsset: {fileID: 0}
  serializedVersion: 6
  m_Component:
  - component: {fileID: 2478720679917470949}
  m_Layer: 8
  m_Name: Bone.008_R.002
  m_TagString: Untagged
  m_Icon: {fileID: 0}
  m_NavMeshLayer: 0
  m_StaticEditorFlags: 0
  m_IsActive: 1
--- !u!4 &2478720679917470949
Transform:
  m_ObjectHideFlags: 0
  m_CorrespondingSourceObject: {fileID: 4869101268437555927, guid: 9849c94427ad04649b7f6f6888ae371a,
    type: 3}
  m_PrefabInstance: {fileID: 0}
  m_PrefabAsset: {fileID: 0}
  m_GameObject: {fileID: 640938095594422162}
  m_LocalRotation: {x: -0.2321223, y: 0.15410802, z: -0.05190079, w: 0.95899755}
  m_LocalPosition: {x: 7.45058e-10, y: 0.007520692, z: 1.4901161e-10}
  m_LocalScale: {x: 0.9999999, y: 0.99999994, z: 0.99999994}
  m_Children:
  - {fileID: 8051818857045847529}
  m_Father: {fileID: 6927270149195923811}
  m_RootOrder: 0
  m_LocalEulerAnglesHint: {x: 0, y: 0, z: 0}
--- !u!1 &776105123357821690
GameObject:
  m_ObjectHideFlags: 0
  m_CorrespondingSourceObject: {fileID: 2083138428073031232, guid: 9849c94427ad04649b7f6f6888ae371a,
    type: 3}
  m_PrefabInstance: {fileID: 0}
  m_PrefabAsset: {fileID: 0}
  serializedVersion: 6
  m_Component:
  - component: {fileID: 7241153070559661100}
  m_Layer: 8
  m_Name: Bone.009_R.003_end
  m_TagString: Untagged
  m_Icon: {fileID: 0}
  m_NavMeshLayer: 0
  m_StaticEditorFlags: 0
  m_IsActive: 1
--- !u!4 &7241153070559661100
Transform:
  m_ObjectHideFlags: 0
  m_CorrespondingSourceObject: {fileID: 4487618733917136891, guid: 9849c94427ad04649b7f6f6888ae371a,
    type: 3}
  m_PrefabInstance: {fileID: 0}
  m_PrefabAsset: {fileID: 0}
  m_GameObject: {fileID: 776105123357821690}
  m_LocalRotation: {x: 0, y: -0, z: -0, w: 1}
  m_LocalPosition: {x: -0, y: 0.0021511973, z: 0}
  m_LocalScale: {x: 1, y: 1, z: 1}
  m_Children: []
  m_Father: {fileID: 5523744328726851848}
  m_RootOrder: 0
  m_LocalEulerAnglesHint: {x: 0, y: 0, z: 0}
--- !u!1 &1141663427932498198
GameObject:
  m_ObjectHideFlags: 0
  m_CorrespondingSourceObject: {fileID: 7085269256499074193, guid: 9849c94427ad04649b7f6f6888ae371a,
    type: 3}
  m_PrefabInstance: {fileID: 0}
  m_PrefabAsset: {fileID: 0}
  serializedVersion: 6
  m_Component:
  - component: {fileID: 5427891379756389601}
  m_Layer: 8
  m_Name: Bone.005
  m_TagString: Untagged
  m_Icon: {fileID: 0}
  m_NavMeshLayer: 0
  m_StaticEditorFlags: 0
  m_IsActive: 1
--- !u!4 &5427891379756389601
Transform:
  m_ObjectHideFlags: 0
  m_CorrespondingSourceObject: {fileID: 3198061488067692607, guid: 9849c94427ad04649b7f6f6888ae371a,
    type: 3}
  m_PrefabInstance: {fileID: 0}
  m_PrefabAsset: {fileID: 0}
  m_GameObject: {fileID: 1141663427932498198}
  m_LocalRotation: {x: 0.000000013816956, y: 0.994602, z: -0.10376357, w: 0.00000013243928}
  m_LocalPosition: {x: 6.0847216e-18, y: 0.0059253937, z: -1.8626451e-11}
  m_LocalScale: {x: 1, y: 0.9999999, z: 0.9999998}
  m_Children:
  - {fileID: 4582554538783815132}
  m_Father: {fileID: 8722933268567183994}
  m_RootOrder: 0
  m_LocalEulerAnglesHint: {x: 0, y: 0, z: 0}
--- !u!1 &1427505268970431123
GameObject:
  m_ObjectHideFlags: 0
  m_CorrespondingSourceObject: {fileID: 8003469099150434187, guid: 9849c94427ad04649b7f6f6888ae371a,
    type: 3}
  m_PrefabInstance: {fileID: 0}
  m_PrefabAsset: {fileID: 0}
  serializedVersion: 6
  m_Component:
  - component: {fileID: 4941709328723186816}
  m_Layer: 8
  m_Name: Bone.003_L
  m_TagString: Untagged
  m_Icon: {fileID: 0}
  m_NavMeshLayer: 0
  m_StaticEditorFlags: 0
  m_IsActive: 1
--- !u!4 &4941709328723186816
Transform:
  m_ObjectHideFlags: 0
  m_CorrespondingSourceObject: {fileID: 1351568259676409098, guid: 9849c94427ad04649b7f6f6888ae371a,
    type: 3}
  m_PrefabInstance: {fileID: 0}
  m_PrefabAsset: {fileID: 0}
  m_GameObject: {fileID: 1427505268970431123}
  m_LocalRotation: {x: -0.5397736, y: -0.0012233233, z: 0.57526106, w: 0.6145874}
  m_LocalPosition: {x: -2.6469778e-24, y: 0.019409094, z: 0.0000000023841857}
  m_LocalScale: {x: 1, y: 1, z: 1}
  m_Children:
  - {fileID: 524051409492720134}
  m_Father: {fileID: 3084752892613142721}
  m_RootOrder: 0
  m_LocalEulerAnglesHint: {x: 0, y: 0, z: 0}
--- !u!1 &1678734563612210558
GameObject:
  m_ObjectHideFlags: 0
  m_CorrespondingSourceObject: {fileID: 4867548842813350825, guid: 9849c94427ad04649b7f6f6888ae371a,
    type: 3}
  m_PrefabInstance: {fileID: 0}
  m_PrefabAsset: {fileID: 0}
  serializedVersion: 6
  m_Component:
  - component: {fileID: 8722933268567183994}
  m_Layer: 8
  m_Name: Bone.004
  m_TagString: Untagged
  m_Icon: {fileID: 0}
  m_NavMeshLayer: 0
  m_StaticEditorFlags: 0
  m_IsActive: 1
--- !u!4 &8722933268567183994
Transform:
  m_ObjectHideFlags: 0
  m_CorrespondingSourceObject: {fileID: 5666144507800478725, guid: 9849c94427ad04649b7f6f6888ae371a,
    type: 3}
  m_PrefabInstance: {fileID: 0}
  m_PrefabAsset: {fileID: 0}
  m_GameObject: {fileID: 1678734563612210558}
  m_LocalRotation: {x: -0.000000094520466, y: -0.6886179, z: 0.7251244, w: 0.000000093872956}
  m_LocalPosition: {x: -0, y: 0, z: 0}
  m_LocalScale: {x: 1, y: 0.9999999, z: 0.99999994}
  m_Children:
  - {fileID: 5427891379756389601}
  m_Father: {fileID: 3008491227226436224}
  m_RootOrder: 1
  m_LocalEulerAnglesHint: {x: 0, y: 0, z: 0}
--- !u!1 &2660570707621693945
GameObject:
  m_ObjectHideFlags: 0
  m_CorrespondingSourceObject: {fileID: 6887552806287001940, guid: 9849c94427ad04649b7f6f6888ae371a,
    type: 3}
  m_PrefabInstance: {fileID: 0}
  m_PrefabAsset: {fileID: 0}
  serializedVersion: 6
  m_Component:
  - component: {fileID: 6468458721176309441}
  m_Layer: 8
  m_Name: Bone.009_L
  m_TagString: Untagged
  m_Icon: {fileID: 0}
  m_NavMeshLayer: 0
  m_StaticEditorFlags: 0
  m_IsActive: 1
--- !u!4 &6468458721176309441
Transform:
  m_ObjectHideFlags: 0
  m_CorrespondingSourceObject: {fileID: 5903825698402149200, guid: 9849c94427ad04649b7f6f6888ae371a,
    type: 3}
  m_PrefabInstance: {fileID: 0}
  m_PrefabAsset: {fileID: 0}
  m_GameObject: {fileID: 2660570707621693945}
  m_LocalRotation: {x: 0.7735946, y: -0.24174815, z: 0.4009478, w: 0.42702475}
  m_LocalPosition: {x: -0, y: 0.0061706924, z: 0}
  m_LocalScale: {x: 1, y: 1, z: 1}
  m_Children:
  - {fileID: 6841565505785448781}
  m_Father: {fileID: 3329300186289507928}
  m_RootOrder: 0
  m_LocalEulerAnglesHint: {x: 0, y: 0, z: 0}
--- !u!1 &3215636510965261641
GameObject:
  m_ObjectHideFlags: 0
  m_CorrespondingSourceObject: {fileID: 4935416324022467593, guid: 9849c94427ad04649b7f6f6888ae371a,
    type: 3}
  m_PrefabInstance: {fileID: 0}
  m_PrefabAsset: {fileID: 0}
  serializedVersion: 6
  m_Component:
  - component: {fileID: 3549168733934316402}
  m_Layer: 8
  m_Name: Bone
  m_TagString: Untagged
  m_Icon: {fileID: 0}
  m_NavMeshLayer: 0
  m_StaticEditorFlags: 0
  m_IsActive: 1
--- !u!4 &3549168733934316402
Transform:
  m_ObjectHideFlags: 0
  m_CorrespondingSourceObject: {fileID: 8576483835127046904, guid: 9849c94427ad04649b7f6f6888ae371a,
    type: 3}
  m_PrefabInstance: {fileID: 0}
  m_PrefabAsset: {fileID: 0}
  m_GameObject: {fileID: 3215636510965261641}
  m_LocalRotation: {x: 0.71552145, y: 0.00000008327851, z: 0.000000085296776, w: 0.69859076}
  m_LocalPosition: {x: -0, y: 0, z: 0}
  m_LocalScale: {x: 1, y: 0.99999994, z: 0.99999994}
  m_Children:
  - {fileID: 3349543089398006135}
  m_Father: {fileID: 3008491227226436224}
  m_RootOrder: 0
  m_LocalEulerAnglesHint: {x: 0, y: 0, z: 0}
--- !u!1 &3369876241646969959
GameObject:
  m_ObjectHideFlags: 0
  m_CorrespondingSourceObject: {fileID: 2890220939209241390, guid: 9849c94427ad04649b7f6f6888ae371a,
    type: 3}
  m_PrefabInstance: {fileID: 0}
  m_PrefabAsset: {fileID: 0}
  serializedVersion: 6
  m_Component:
  - component: {fileID: 524051409492720134}
  m_Layer: 8
  m_Name: Bone.003_L.001
  m_TagString: Untagged
  m_Icon: {fileID: 0}
  m_NavMeshLayer: 0
  m_StaticEditorFlags: 0
  m_IsActive: 1
--- !u!4 &524051409492720134
Transform:
  m_ObjectHideFlags: 0
  m_CorrespondingSourceObject: {fileID: 885420906219218369, guid: 9849c94427ad04649b7f6f6888ae371a,
    type: 3}
  m_PrefabInstance: {fileID: 0}
  m_PrefabAsset: {fileID: 0}
  m_GameObject: {fileID: 3369876241646969959}
  m_LocalRotation: {x: 0.41140458, y: 0.11395265, z: -0.49930972, w: 0.7539568}
  m_LocalPosition: {x: -0.0000000013411044, y: 0.0073181656, z: -0.0000000011920929}
  m_LocalScale: {x: 1, y: 1, z: 1}
  m_Children:
  - {fileID: 1709931839114901001}
  m_Father: {fileID: 4941709328723186816}
  m_RootOrder: 0
  m_LocalEulerAnglesHint: {x: 0, y: 0, z: 0}
--- !u!1 &3457308008841045758
GameObject:
  m_ObjectHideFlags: 0
  m_CorrespondingSourceObject: {fileID: 8418664013639154974, guid: 9849c94427ad04649b7f6f6888ae371a,
    type: 3}
  m_PrefabInstance: {fileID: 0}
  m_PrefabAsset: {fileID: 0}
  serializedVersion: 6
  m_Component:
  - component: {fileID: 1352287307401810862}
  m_Layer: 8
  m_Name: Bone.008_L.002_end
  m_TagString: Untagged
  m_Icon: {fileID: 0}
  m_NavMeshLayer: 0
  m_StaticEditorFlags: 0
  m_IsActive: 1
--- !u!4 &1352287307401810862
Transform:
  m_ObjectHideFlags: 0
  m_CorrespondingSourceObject: {fileID: 4319327243982490498, guid: 9849c94427ad04649b7f6f6888ae371a,
    type: 3}
  m_PrefabInstance: {fileID: 0}
  m_PrefabAsset: {fileID: 0}
  m_GameObject: {fileID: 3457308008841045758}
  m_LocalRotation: {x: 0, y: -0, z: -0, w: 1}
  m_LocalPosition: {x: -0, y: 0.0030963542, z: 0}
  m_LocalScale: {x: 1, y: 1, z: 1}
  m_Children: []
  m_Father: {fileID: 4821742723704501956}
  m_RootOrder: 0
  m_LocalEulerAnglesHint: {x: 0, y: 0, z: 0}
--- !u!1 &3526868471782500421
GameObject:
  m_ObjectHideFlags: 0
  m_CorrespondingSourceObject: {fileID: 4907089686086190426, guid: 9849c94427ad04649b7f6f6888ae371a,
    type: 3}
  m_PrefabInstance: {fileID: 0}
  m_PrefabAsset: {fileID: 0}
  serializedVersion: 6
  m_Component:
  - component: {fileID: 6173629672811179154}
  m_Layer: 8
  m_Name: Bone.009_R.002
  m_TagString: Untagged
  m_Icon: {fileID: 0}
  m_NavMeshLayer: 0
  m_StaticEditorFlags: 0
  m_IsActive: 1
--- !u!4 &6173629672811179154
Transform:
  m_ObjectHideFlags: 0
  m_CorrespondingSourceObject: {fileID: 5613065816507509328, guid: 9849c94427ad04649b7f6f6888ae371a,
    type: 3}
  m_PrefabInstance: {fileID: 0}
  m_PrefabAsset: {fileID: 0}
  m_GameObject: {fileID: 3526868471782500421}
  m_LocalRotation: {x: 0.8081743, y: 0.015400356, z: 0.10524518, w: 0.5792586}
  m_LocalPosition: {x: -3.352761e-10, y: 0.003473409, z: -5.2154064e-10}
  m_LocalScale: {x: 0.99999994, y: 1, z: 1}
  m_Children:
  - {fileID: 5523744328726851848}
  m_Father: {fileID: 5618478048341738350}
  m_RootOrder: 0
  m_LocalEulerAnglesHint: {x: 0, y: 0, z: 0}
--- !u!1 &4114881263392640359
GameObject:
  m_ObjectHideFlags: 0
  m_CorrespondingSourceObject: {fileID: 4328001412308608410, guid: 9849c94427ad04649b7f6f6888ae371a,
    type: 3}
  m_PrefabInstance: {fileID: 0}
  m_PrefabAsset: {fileID: 0}
  serializedVersion: 6
  m_Component:
  - component: {fileID: 3329300186289507928}
  m_Layer: 8
  m_Name: Bone.009
  m_TagString: Untagged
  m_Icon: {fileID: 0}
  m_NavMeshLayer: 0
  m_StaticEditorFlags: 0
  m_IsActive: 1
--- !u!4 &3329300186289507928
Transform:
  m_ObjectHideFlags: 0
  m_CorrespondingSourceObject: {fileID: 4435847348849629220, guid: 9849c94427ad04649b7f6f6888ae371a,
    type: 3}
  m_PrefabInstance: {fileID: 0}
  m_PrefabAsset: {fileID: 0}
  m_GameObject: {fileID: 4114881263392640359}
  m_LocalRotation: {x: -0.00000014371942, y: -0.5270573, z: 0.84982973, w: 0.00000006755434}
  m_LocalPosition: {x: -0, y: 0, z: 0}
  m_LocalScale: {x: 1, y: 1, z: 0.9999999}
  m_Children:
  - {fileID: 6468458721176309441}
  - {fileID: 1790591632748933910}
  m_Father: {fileID: 3008491227226436224}
  m_RootOrder: 2
  m_LocalEulerAnglesHint: {x: 0, y: 0, z: 0}
--- !u!1 &4173176525951998960
GameObject:
  m_ObjectHideFlags: 0
  m_CorrespondingSourceObject: {fileID: 1219977248884991685, guid: 9849c94427ad04649b7f6f6888ae371a,
    type: 3}
  m_PrefabInstance: {fileID: 0}
  m_PrefabAsset: {fileID: 0}
  serializedVersion: 6
  m_Component:
  - component: {fileID: 5618478048341738350}
  m_Layer: 8
  m_Name: Bone.009_R.001
  m_TagString: Untagged
  m_Icon: {fileID: 0}
  m_NavMeshLayer: 0
  m_StaticEditorFlags: 0
  m_IsActive: 1
--- !u!4 &5618478048341738350
Transform:
  m_ObjectHideFlags: 0
  m_CorrespondingSourceObject: {fileID: 1808195525900548744, guid: 9849c94427ad04649b7f6f6888ae371a,
    type: 3}
  m_PrefabInstance: {fileID: 0}
  m_PrefabAsset: {fileID: 0}
  m_GameObject: {fileID: 4173176525951998960}
  m_LocalRotation: {x: -0.7405103, y: -0.2295114, z: 0.35045156, w: 0.52550244}
  m_LocalPosition: {x: -1.4901161e-10, y: 0.004119451, z: 5.9604643e-10}
  m_LocalScale: {x: 1, y: 1, z: 1}
  m_Children:
  - {fileID: 6173629672811179154}
  m_Father: {fileID: 1790591632748933910}
  m_RootOrder: 0
  m_LocalEulerAnglesHint: {x: 0, y: 0, z: 0}
--- !u!1 &4203810950030551212
GameObject:
  m_ObjectHideFlags: 0
  m_CorrespondingSourceObject: {fileID: 2087545668104739764, guid: 9849c94427ad04649b7f6f6888ae371a,
    type: 3}
  m_PrefabInstance: {fileID: 0}
  m_PrefabAsset: {fileID: 0}
  serializedVersion: 6
  m_Component:
  - component: {fileID: 6147144275504233157}
  m_Layer: 8
  m_Name: Bone.009_L.003_end
  m_TagString: Untagged
  m_Icon: {fileID: 0}
  m_NavMeshLayer: 0
  m_StaticEditorFlags: 0
  m_IsActive: 1
--- !u!4 &6147144275504233157
Transform:
  m_ObjectHideFlags: 0
  m_CorrespondingSourceObject: {fileID: 4426633756766669466, guid: 9849c94427ad04649b7f6f6888ae371a,
    type: 3}
  m_PrefabInstance: {fileID: 0}
  m_PrefabAsset: {fileID: 0}
  m_GameObject: {fileID: 4203810950030551212}
  m_LocalRotation: {x: 0, y: -0, z: -0, w: 1}
  m_LocalPosition: {x: -0, y: 0.0021511973, z: 0}
  m_LocalScale: {x: 1, y: 1, z: 1}
  m_Children: []
  m_Father: {fileID: 487247101407038582}
  m_RootOrder: 0
  m_LocalEulerAnglesHint: {x: 0, y: 0, z: 0}
--- !u!1 &4225313537778287850
GameObject:
  m_ObjectHideFlags: 0
  m_CorrespondingSourceObject: {fileID: 1366126102971985552, guid: 9849c94427ad04649b7f6f6888ae371a,
    type: 3}
  m_PrefabInstance: {fileID: 0}
  m_PrefabAsset: {fileID: 0}
  serializedVersion: 6
  m_Component:
  - component: {fileID: 6841565505785448781}
  m_Layer: 8
  m_Name: Bone.009_L.001
  m_TagString: Untagged
  m_Icon: {fileID: 0}
  m_NavMeshLayer: 0
  m_StaticEditorFlags: 0
  m_IsActive: 1
--- !u!4 &6841565505785448781
Transform:
  m_ObjectHideFlags: 0
  m_CorrespondingSourceObject: {fileID: 8868318232509230051, guid: 9849c94427ad04649b7f6f6888ae371a,
    type: 3}
  m_PrefabInstance: {fileID: 0}
  m_PrefabAsset: {fileID: 0}
  m_GameObject: {fileID: 4225313537778287850}
  m_LocalRotation: {x: 0.78387535, y: -0.2793905, z: 0.3291296, w: -0.4462668}
  m_LocalPosition: {x: -1.3038516e-10, y: 0.0041194507, z: 0}
  m_LocalScale: {x: 1, y: 1, z: 0.99999994}
  m_Children:
  - {fileID: 7387472834012515546}
  m_Father: {fileID: 6468458721176309441}
  m_RootOrder: 0
  m_LocalEulerAnglesHint: {x: 0, y: 0, z: 0}
--- !u!1 &4730182842022252075
GameObject:
  m_ObjectHideFlags: 0
  m_CorrespondingSourceObject: {fileID: 1292055090311147696, guid: 9849c94427ad04649b7f6f6888ae371a,
    type: 3}
  m_PrefabInstance: {fileID: 0}
  m_PrefabAsset: {fileID: 0}
  serializedVersion: 6
  m_Component:
  - component: {fileID: 1790591632748933910}
  m_Layer: 8
  m_Name: Bone.009_R
  m_TagString: Untagged
  m_Icon: {fileID: 0}
  m_NavMeshLayer: 0
  m_StaticEditorFlags: 0
  m_IsActive: 1
--- !u!4 &1790591632748933910
Transform:
  m_ObjectHideFlags: 0
  m_CorrespondingSourceObject: {fileID: 1829363436732673462, guid: 9849c94427ad04649b7f6f6888ae371a,
    type: 3}
  m_PrefabInstance: {fileID: 0}
  m_PrefabAsset: {fileID: 0}
  m_GameObject: {fileID: 4730182842022252075}
  m_LocalRotation: {x: 0.6943396, y: 0.17371362, z: -0.4347697, w: 0.5465268}
  m_LocalPosition: {x: -0, y: 0.0061706924, z: 0}
  m_LocalScale: {x: 0.99999994, y: 1, z: 1.0000001}
  m_Children:
  - {fileID: 5618478048341738350}
  m_Father: {fileID: 3329300186289507928}
  m_RootOrder: 1
  m_LocalEulerAnglesHint: {x: 0, y: 0, z: 0}
--- !u!1 &4922992333509845538
GameObject:
  m_ObjectHideFlags: 0
  m_CorrespondingSourceObject: {fileID: 9122269874984123358, guid: 9849c94427ad04649b7f6f6888ae371a,
    type: 3}
  m_PrefabInstance: {fileID: 0}
  m_PrefabAsset: {fileID: 0}
  serializedVersion: 6
  m_Component:
  - component: {fileID: 4821742723704501956}
  m_Layer: 8
  m_Name: Bone.008_L.002
  m_TagString: Untagged
  m_Icon: {fileID: 0}
  m_NavMeshLayer: 0
  m_StaticEditorFlags: 0
  m_IsActive: 1
--- !u!4 &4821742723704501956
Transform:
  m_ObjectHideFlags: 0
  m_CorrespondingSourceObject: {fileID: 3770050666541951969, guid: 9849c94427ad04649b7f6f6888ae371a,
    type: 3}
  m_PrefabInstance: {fileID: 0}
  m_PrefabAsset: {fileID: 0}
  m_GameObject: {fileID: 4922992333509845538}
  m_LocalRotation: {x: 0.63963753, y: -0.0038669333, z: -0.046171315, w: 0.767279}
  m_LocalPosition: {x: -2.6077032e-10, y: 0.0075206906, z: 0.0000000016205013}
  m_LocalScale: {x: 1, y: 1, z: 1}
  m_Children:
  - {fileID: 1352287307401810862}
  m_Father: {fileID: 535493434427083872}
  m_RootOrder: 0
  m_LocalEulerAnglesHint: {x: 0, y: 0, z: 0}
--- !u!1 &5029547780321560326
GameObject:
  m_ObjectHideFlags: 0
  m_CorrespondingSourceObject: {fileID: 4226190953585064945, guid: 9849c94427ad04649b7f6f6888ae371a,
    type: 3}
  m_PrefabInstance: {fileID: 0}
  m_PrefabAsset: {fileID: 0}
  serializedVersion: 6
  m_Component:
  - component: {fileID: 7091533355252941397}
  m_Layer: 8
  m_Name: Bone.007_end
  m_TagString: Untagged
  m_Icon: {fileID: 0}
  m_NavMeshLayer: 0
  m_StaticEditorFlags: 0
  m_IsActive: 1
--- !u!4 &7091533355252941397
Transform:
  m_ObjectHideFlags: 0
  m_CorrespondingSourceObject: {fileID: 4486268468855660274, guid: 9849c94427ad04649b7f6f6888ae371a,
    type: 3}
  m_PrefabInstance: {fileID: 0}
  m_PrefabAsset: {fileID: 0}
  m_GameObject: {fileID: 5029547780321560326}
  m_LocalRotation: {x: 0, y: -0, z: -0, w: 1}
  m_LocalPosition: {x: -0, y: 0.0034419177, z: 0}
  m_LocalScale: {x: 1, y: 1, z: 1}
  m_Children: []
  m_Father: {fileID: 1824020700574728458}
  m_RootOrder: 0
  m_LocalEulerAnglesHint: {x: 0, y: 0, z: 0}
--- !u!1 &5145064024235982357
GameObject:
  m_ObjectHideFlags: 0
  m_CorrespondingSourceObject: {fileID: 147661819154639184, guid: 9849c94427ad04649b7f6f6888ae371a,
    type: 3}
  m_PrefabInstance: {fileID: 0}
  m_PrefabAsset: {fileID: 0}
  serializedVersion: 6
  m_Component:
  - component: {fileID: 3008491227226436224}
  m_Layer: 8
  m_Name: "\u30A2\u30FC\u30DE\u30C1\u30E5\u30A2"
  m_TagString: Untagged
  m_Icon: {fileID: 0}
  m_NavMeshLayer: 0
  m_StaticEditorFlags: 0
  m_IsActive: 1
--- !u!4 &3008491227226436224
Transform:
  m_ObjectHideFlags: 0
  m_CorrespondingSourceObject: {fileID: 5664033210742956713, guid: 9849c94427ad04649b7f6f6888ae371a,
    type: 3}
  m_PrefabInstance: {fileID: 0}
  m_PrefabAsset: {fileID: 0}
  m_GameObject: {fileID: 5145064024235982357}
  m_LocalRotation: {x: 0.039568074, y: -1.1532831e-16, z: 1.1532831e-16, w: 0.9992169}
  m_LocalPosition: {x: -1.183399e-15, y: 1.5049288, z: -2.0054932}
  m_LocalScale: {x: 100, y: 100, z: 100}
  m_Children:
  - {fileID: 3549168733934316402}
  - {fileID: 8722933268567183994}
  - {fileID: 3329300186289507928}
  m_Father: {fileID: 2964992175185294951}
  m_RootOrder: 1
  m_LocalEulerAnglesHint: {x: 0, y: 0, z: 0}
--- !u!1 &5614090532861491439
GameObject:
  m_ObjectHideFlags: 0
  m_CorrespondingSourceObject: {fileID: 4228739919363358987, guid: 9849c94427ad04649b7f6f6888ae371a,
    type: 3}
  m_PrefabInstance: {fileID: 0}
  m_PrefabAsset: {fileID: 0}
  serializedVersion: 6
  m_Component:
  - component: {fileID: 487247101407038582}
  m_Layer: 8
  m_Name: Bone.009_L.003
  m_TagString: Untagged
  m_Icon: {fileID: 0}
  m_NavMeshLayer: 0
  m_StaticEditorFlags: 0
  m_IsActive: 1
--- !u!4 &487247101407038582
Transform:
  m_ObjectHideFlags: 0
  m_CorrespondingSourceObject: {fileID: 2545141747899775886, guid: 9849c94427ad04649b7f6f6888ae371a,
    type: 3}
  m_PrefabInstance: {fileID: 0}
  m_PrefabAsset: {fileID: 0}
  m_GameObject: {fileID: 5614090532861491439}
  m_LocalRotation: {x: -0.015645118, y: 0.95102745, z: 0.30776915, w: -0.024087893}
  m_LocalPosition: {x: -5.9837474e-10, y: 0.006619756, z: -2.7939677e-11}
  m_LocalScale: {x: 0.9999999, y: 1, z: 0.99999994}
  m_Children:
  - {fileID: 6147144275504233157}
  m_Father: {fileID: 7387472834012515546}
  m_RootOrder: 0
  m_LocalEulerAnglesHint: {x: 0, y: 0, z: 0}
--- !u!1 &6227754095183578111
GameObject:
  m_ObjectHideFlags: 0
  m_CorrespondingSourceObject: {fileID: 172778934797460313, guid: 9849c94427ad04649b7f6f6888ae371a,
    type: 3}
  m_PrefabInstance: {fileID: 0}
  m_PrefabAsset: {fileID: 0}
  serializedVersion: 6
  m_Component:
  - component: {fileID: 5711465161507172392}
  m_Layer: 8
  m_Name: Bone.008_R
  m_TagString: Untagged
  m_Icon: {fileID: 0}
  m_NavMeshLayer: 0
  m_StaticEditorFlags: 0
  m_IsActive: 1
--- !u!4 &5711465161507172392
Transform:
  m_ObjectHideFlags: 0
  m_CorrespondingSourceObject: {fileID: 2894703959247823158, guid: 9849c94427ad04649b7f6f6888ae371a,
    type: 3}
  m_PrefabInstance: {fileID: 0}
  m_PrefabAsset: {fileID: 0}
  m_GameObject: {fileID: 6227754095183578111}
  m_LocalRotation: {x: -0.42646733, y: 0.049919732, z: 0.4888223, w: 0.7593987}
  m_LocalPosition: {x: 1.9471417e-16, y: 0.007252404, z: -2.9802322e-10}
  m_LocalScale: {x: 1, y: 1, z: 1}
  m_Children:
  - {fileID: 6927270149195923811}
  m_Father: {fileID: 8545607635221944938}
  m_RootOrder: 1
  m_LocalEulerAnglesHint: {x: 0, y: 0, z: 0}
--- !u!1 &6398522005889241325
GameObject:
  m_ObjectHideFlags: 0
  m_CorrespondingSourceObject: {fileID: 7715301400063710051, guid: 9849c94427ad04649b7f6f6888ae371a,
    type: 3}
  m_PrefabInstance: {fileID: 0}
  m_PrefabAsset: {fileID: 0}
  serializedVersion: 6
  m_Component:
  - component: {fileID: 7580094132898067115}
  - component: {fileID: 6013353262513295701}
  m_Layer: 8
  m_Name: cat_01
  m_TagString: Untagged
  m_Icon: {fileID: 0}
  m_NavMeshLayer: 0
  m_StaticEditorFlags: 0
  m_IsActive: 1
--- !u!4 &7580094132898067115
Transform:
  m_ObjectHideFlags: 0
  m_CorrespondingSourceObject: {fileID: 6074738245795932903, guid: 9849c94427ad04649b7f6f6888ae371a,
    type: 3}
  m_PrefabInstance: {fileID: 0}
  m_PrefabAsset: {fileID: 0}
  m_GameObject: {fileID: 6398522005889241325}
  m_LocalRotation: {x: 0.0000000614673, y: -3.143287e-23, z: -3.722313e-24, w: 1}
  m_LocalPosition: {x: -1.0587912e-22, y: 2.3096366, z: -0.00000032037497}
  m_LocalScale: {x: 100, y: 99.99999, z: 99.999985}
  m_Children: []
  m_Father: {fileID: 2964992175185294951}
  m_RootOrder: 0
  m_LocalEulerAnglesHint: {x: 0, y: 0, z: 0}
--- !u!137 &6013353262513295701
SkinnedMeshRenderer:
  m_ObjectHideFlags: 0
  m_CorrespondingSourceObject: {fileID: 3838154766463698092, guid: 9849c94427ad04649b7f6f6888ae371a,
    type: 3}
  m_PrefabInstance: {fileID: 0}
  m_PrefabAsset: {fileID: 0}
  m_GameObject: {fileID: 6398522005889241325}
  m_Enabled: 1
  m_CastShadows: 1
  m_ReceiveShadows: 1
  m_DynamicOccludee: 1
  m_MotionVectors: 1
  m_LightProbeUsage: 1
  m_ReflectionProbeUsage: 1
  m_RenderingLayerMask: 1
  m_RendererPriority: 0
  m_Materials:
  - {fileID: 2100000, guid: fa4bda52de2ef06499976987873c6555, type: 2}
  m_StaticBatchInfo:
    firstSubMesh: 0
    subMeshCount: 0
  m_StaticBatchRoot: {fileID: 0}
  m_ProbeAnchor: {fileID: 0}
  m_LightProbeVolumeOverride: {fileID: 0}
  m_ScaleInLightmap: 1
  m_PreserveUVs: 0
  m_IgnoreNormalsForChartDetection: 0
  m_ImportantGI: 0
  m_StitchLightmapSeams: 0
  m_SelectedEditorRenderState: 3
  m_MinimumChartSize: 4
  m_AutoUVMaxDistance: 0.5
  m_AutoUVMaxAngle: 89
  m_LightmapParameters: {fileID: 0}
  m_SortingLayerID: 0
  m_SortingLayer: 0
  m_SortingOrder: 0
  serializedVersion: 2
  m_Quality: 0
  m_UpdateWhenOffscreen: 0
  m_SkinnedMotionVectors: 0
  m_Mesh: {fileID: 4300000, guid: 93026182f1c5e234f9a129d639f49de1, type: 3}
  m_Bones:
  - {fileID: 3549168733934316402}
  - {fileID: 3349543089398006135}
  - {fileID: 424836610635685399}
  - {fileID: 3084752892613142721}
  - {fileID: 4941709328723186816}
  - {fileID: 524051409492720134}
  - {fileID: 6290767688344849855}
  - {fileID: 268253016812556879}
  - {fileID: 8545607635221944938}
  - {fileID: 1487597311940153195}
  - {fileID: 535493434427083872}
  - {fileID: 4821742723704501956}
  - {fileID: 5711465161507172392}
  - {fileID: 6927270149195923811}
  - {fileID: 2478720679917470949}
  - {fileID: 8722933268567183994}
  - {fileID: 5427891379756389601}
  - {fileID: 4582554538783815132}
  - {fileID: 1824020700574728458}
  - {fileID: 3329300186289507928}
  - {fileID: 6468458721176309441}
  - {fileID: 6841565505785448781}
  - {fileID: 7387472834012515546}
  - {fileID: 487247101407038582}
  - {fileID: 1790591632748933910}
  - {fileID: 5618478048341738350}
  - {fileID: 6173629672811179154}
  - {fileID: 5523744328726851848}
  m_BlendShapeWeights: []
  m_RootBone: {fileID: 3549168733934316402}
  m_AABB:
    m_Center: {x: -0.0000049592927, y: 0.010911575, z: -0.007820345}
    m_Extent: {x: 0.017599769, y: 0.025627488, z: 0.022125818}
  m_DirtyAABB: 0
--- !u!1 &6437759334068913070
GameObject:
  m_ObjectHideFlags: 0
  m_CorrespondingSourceObject: {fileID: 7072729581103032159, guid: 9849c94427ad04649b7f6f6888ae371a,
    type: 3}
  m_PrefabInstance: {fileID: 0}
  m_PrefabAsset: {fileID: 0}
  serializedVersion: 6
  m_Component:
  - component: {fileID: 5523744328726851848}
  m_Layer: 8
  m_Name: Bone.009_R.003
  m_TagString: Untagged
  m_Icon: {fileID: 0}
  m_NavMeshLayer: 0
  m_StaticEditorFlags: 0
  m_IsActive: 1
--- !u!4 &5523744328726851848
Transform:
  m_ObjectHideFlags: 0
  m_CorrespondingSourceObject: {fileID: 2586011685664208427, guid: 9849c94427ad04649b7f6f6888ae371a,
    type: 3}
  m_PrefabInstance: {fileID: 0}
  m_PrefabAsset: {fileID: 0}
  m_GameObject: {fileID: 6437759334068913070}
  m_LocalRotation: {x: 0.021759838, y: 0.99915415, z: 0.029429112, w: 0.018748596}
  m_LocalPosition: {x: -3.3236575e-10, y: 0.0066197566, z: 4.842877e-10}
  m_LocalScale: {x: 0.99999994, y: 0.99999994, z: 1}
  m_Children:
  - {fileID: 7241153070559661100}
  m_Father: {fileID: 6173629672811179154}
  m_RootOrder: 0
  m_LocalEulerAnglesHint: {x: 0, y: 0, z: 0}
--- !u!1 &7354017867447149588
GameObject:
  m_ObjectHideFlags: 0
  m_CorrespondingSourceObject: {fileID: 8394878151202513807, guid: 9849c94427ad04649b7f6f6888ae371a,
    type: 3}
  m_PrefabInstance: {fileID: 0}
  m_PrefabAsset: {fileID: 0}
  serializedVersion: 6
  m_Component:
  - component: {fileID: 3084752892613142721}
  m_Layer: 8
  m_Name: Bone.003
  m_TagString: Untagged
  m_Icon: {fileID: 0}
  m_NavMeshLayer: 0
  m_StaticEditorFlags: 0
  m_IsActive: 1
--- !u!4 &3084752892613142721
Transform:
  m_ObjectHideFlags: 0
  m_CorrespondingSourceObject: {fileID: 3268995692221907818, guid: 9849c94427ad04649b7f6f6888ae371a,
    type: 3}
  m_PrefabInstance: {fileID: 0}
  m_PrefabAsset: {fileID: 0}
  m_GameObject: {fileID: 7354017867447149588}
  m_LocalRotation: {x: -0.311352, y: 2.034163e-14, z: 6.490924e-15, w: 0.9502947}
  m_LocalPosition: {x: 6.220398e-24, y: 0.004112175, z: -1.11758706e-10}
  m_LocalScale: {x: 1, y: 1.0000001, z: 1}
  m_Children:
  - {fileID: 4941709328723186816}
  - {fileID: 6290767688344849855}
  m_Father: {fileID: 424836610635685399}
  m_RootOrder: 0
  m_LocalEulerAnglesHint: {x: 0, y: 0, z: 0}
--- !u!1 &7457933965829650837
GameObject:
  m_ObjectHideFlags: 0
  m_CorrespondingSourceObject: {fileID: 2249116875493215809, guid: 9849c94427ad04649b7f6f6888ae371a,
    type: 3}
  m_PrefabInstance: {fileID: 0}
  m_PrefabAsset: {fileID: 0}
  serializedVersion: 6
  m_Component:
  - component: {fileID: 6290767688344849855}
  m_Layer: 8
  m_Name: Bone.003_R
  m_TagString: Untagged
  m_Icon: {fileID: 0}
  m_NavMeshLayer: 0
  m_StaticEditorFlags: 0
  m_IsActive: 1
--- !u!4 &6290767688344849855
Transform:
  m_ObjectHideFlags: 0
  m_CorrespondingSourceObject: {fileID: 9160966555557376166, guid: 9849c94427ad04649b7f6f6888ae371a,
    type: 3}
  m_PrefabInstance: {fileID: 0}
  m_PrefabAsset: {fileID: 0}
  m_GameObject: {fileID: 7457933965829650837}
  m_LocalRotation: {x: -0.5404204, y: 0.0006176909, z: -0.57526207, w: 0.6140187}
  m_LocalPosition: {x: -2.6469778e-24, y: 0.019409094, z: 0.0000000023841857}
  m_LocalScale: {x: 0.99999994, y: 1, z: 1}
  m_Children:
  - {fileID: 268253016812556879}
  m_Father: {fileID: 3084752892613142721}
  m_RootOrder: 1
  m_LocalEulerAnglesHint: {x: 0, y: 0, z: 0}
--- !u!1 &7786751057724850386
GameObject:
  m_ObjectHideFlags: 0
  m_CorrespondingSourceObject: {fileID: 3719645498522905579, guid: 9849c94427ad04649b7f6f6888ae371a,
    type: 3}
  m_PrefabInstance: {fileID: 0}
  m_PrefabAsset: {fileID: 0}
  serializedVersion: 6
  m_Component:
  - component: {fileID: 268253016812556879}
  m_Layer: 8
  m_Name: Bone.003_R.001
  m_TagString: Untagged
  m_Icon: {fileID: 0}
  m_NavMeshLayer: 0
  m_StaticEditorFlags: 0
  m_IsActive: 1
--- !u!4 &268253016812556879
Transform:
  m_ObjectHideFlags: 0
  m_CorrespondingSourceObject: {fileID: 8668828709873347687, guid: 9849c94427ad04649b7f6f6888ae371a,
    type: 3}
  m_PrefabInstance: {fileID: 0}
  m_PrefabAsset: {fileID: 0}
  m_GameObject: {fileID: 7786751057724850386}
  m_LocalRotation: {x: 0.452759, y: -0.09018113, z: 0.39119866, w: 0.79614085}
  m_LocalPosition: {x: 8.9406965e-10, y: 0.0073181666, z: -0.0000000032782554}
  m_LocalScale: {x: 0.9999999, y: 1, z: 0.99999994}
  m_Children:
  - {fileID: 4245686806813753567}
  m_Father: {fileID: 6290767688344849855}
  m_RootOrder: 0
  m_LocalEulerAnglesHint: {x: 0, y: 0, z: 0}
--- !u!1 &7987607546954123882
GameObject:
  m_ObjectHideFlags: 0
  m_CorrespondingSourceObject: {fileID: 5474649834588599286, guid: 9849c94427ad04649b7f6f6888ae371a,
    type: 3}
  m_PrefabInstance: {fileID: 0}
  m_PrefabAsset: {fileID: 0}
  serializedVersion: 6
  m_Component:
  - component: {fileID: 4582554538783815132}
  m_Layer: 8
  m_Name: Bone.006
  m_TagString: Untagged
  m_Icon: {fileID: 0}
  m_NavMeshLayer: 0
  m_StaticEditorFlags: 0
  m_IsActive: 1
--- !u!4 &4582554538783815132
Transform:
  m_ObjectHideFlags: 0
  m_CorrespondingSourceObject: {fileID: 7408930043726500427, guid: 9849c94427ad04649b7f6f6888ae371a,
    type: 3}
  m_PrefabInstance: {fileID: 0}
  m_PrefabAsset: {fileID: 0}
  m_GameObject: {fileID: 7987607546954123882}
  m_LocalRotation: {x: -5.44956e-10, y: 0.99126726, z: -0.13186824, w: -0.00000013425864}
  m_LocalPosition: {x: 2.1175823e-24, y: 0.002452744, z: 3.7252902e-11}
  m_LocalScale: {x: 1, y: 0.9999997, z: 1}
  m_Children:
  - {fileID: 1824020700574728458}
  m_Father: {fileID: 5427891379756389601}
  m_RootOrder: 0
  m_LocalEulerAnglesHint: {x: 0, y: 0, z: 0}
--- !u!1 &8033433972592851753
GameObject:
  m_ObjectHideFlags: 0
  m_CorrespondingSourceObject: {fileID: 3034826047053601483, guid: 9849c94427ad04649b7f6f6888ae371a,
    type: 3}
  m_PrefabInstance: {fileID: 0}
  m_PrefabAsset: {fileID: 0}
  serializedVersion: 6
  m_Component:
  - component: {fileID: 3349543089398006135}
  m_Layer: 8
  m_Name: Bone.001
  m_TagString: Untagged
  m_Icon: {fileID: 0}
  m_NavMeshLayer: 0
  m_StaticEditorFlags: 0
  m_IsActive: 1
--- !u!4 &3349543089398006135
Transform:
  m_ObjectHideFlags: 0
  m_CorrespondingSourceObject: {fileID: 3509364542173808633, guid: 9849c94427ad04649b7f6f6888ae371a,
    type: 3}
  m_PrefabInstance: {fileID: 0}
  m_PrefabAsset: {fileID: 0}
  m_GameObject: {fileID: 8033433972592851753}
  m_LocalRotation: {x: 0.002651653, y: -0.00000023841774, z: 3.719961e-18, w: 0.9999965}
  m_LocalPosition: {x: -0, y: 0.0052466826, z: 0}
  m_LocalScale: {x: 1, y: 1, z: 1}
  m_Children:
  - {fileID: 424836610635685399}
  - {fileID: 8545607635221944938}
  m_Father: {fileID: 3549168733934316402}
  m_RootOrder: 0
  m_LocalEulerAnglesHint: {x: 0, y: 0, z: 0}
--- !u!1 &8055010720355792725
GameObject:
  m_ObjectHideFlags: 0
  m_CorrespondingSourceObject: {fileID: 737067541353846015, guid: 9849c94427ad04649b7f6f6888ae371a,
    type: 3}
  m_PrefabInstance: {fileID: 0}
  m_PrefabAsset: {fileID: 0}
  serializedVersion: 6
  m_Component:
  - component: {fileID: 7387472834012515546}
  m_Layer: 8
  m_Name: Bone.009_L.002
  m_TagString: Untagged
  m_Icon: {fileID: 0}
  m_NavMeshLayer: 0
  m_StaticEditorFlags: 0
  m_IsActive: 1
--- !u!4 &7387472834012515546
Transform:
  m_ObjectHideFlags: 0
  m_CorrespondingSourceObject: {fileID: 9107140184024267170, guid: 9849c94427ad04649b7f6f6888ae371a,
    type: 3}
  m_PrefabInstance: {fileID: 0}
  m_PrefabAsset: {fileID: 0}
  m_GameObject: {fileID: 8055010720355792725}
  m_LocalRotation: {x: 0.8404394, y: -0.018254185, z: -0.103317246, w: 0.5316522}
  m_LocalPosition: {x: 3.7252902e-11, y: 0.0034734085, z: 0}
  m_LocalScale: {x: 0.99999994, y: 1, z: 0.99999994}
  m_Children:
  - {fileID: 487247101407038582}
  m_Father: {fileID: 6841565505785448781}
  m_RootOrder: 0
  m_LocalEulerAnglesHint: {x: 0, y: 0, z: 0}
--- !u!1 &8423504502903611704
GameObject:
  m_ObjectHideFlags: 0
  m_CorrespondingSourceObject: {fileID: 9107641713617702382, guid: 9849c94427ad04649b7f6f6888ae371a,
    type: 3}
  m_PrefabInstance: {fileID: 0}
  m_PrefabAsset: {fileID: 0}
  serializedVersion: 6
  m_Component:
  - component: {fileID: 535493434427083872}
  m_Layer: 8
  m_Name: Bone.008_L.001
  m_TagString: Untagged
  m_Icon: {fileID: 0}
  m_NavMeshLayer: 0
  m_StaticEditorFlags: 0
  m_IsActive: 1
--- !u!4 &535493434427083872
Transform:
  m_ObjectHideFlags: 0
  m_CorrespondingSourceObject: {fileID: 5696221106627401960, guid: 9849c94427ad04649b7f6f6888ae371a,
    type: 3}
  m_PrefabInstance: {fileID: 0}
  m_PrefabAsset: {fileID: 0}
  m_GameObject: {fileID: 8423504502903611704}
  m_LocalRotation: {x: 0.3563055, y: 0.019777365, z: 0.50858265, w: 0.78358084}
  m_LocalPosition: {x: -4.4703483e-10, y: 0.0048876964, z: 4.4703483e-10}
  m_LocalScale: {x: 1, y: 1.0000001, z: 0.99999994}
  m_Children:
  - {fileID: 4821742723704501956}
  m_Father: {fileID: 1487597311940153195}
  m_RootOrder: 0
  m_LocalEulerAnglesHint: {x: 0, y: 0, z: 0}
--- !u!1 &8481616546491909570
GameObject:
  m_ObjectHideFlags: 0
  m_CorrespondingSourceObject: {fileID: 3906480926711472479, guid: 9849c94427ad04649b7f6f6888ae371a,
    type: 3}
  m_PrefabInstance: {fileID: 0}
  m_PrefabAsset: {fileID: 0}
  serializedVersion: 6
  m_Component:
  - component: {fileID: 1709931839114901001}
  m_Layer: 8
  m_Name: Bone.003_L.001_end
  m_TagString: Untagged
  m_Icon: {fileID: 0}
  m_NavMeshLayer: 0
  m_StaticEditorFlags: 0
  m_IsActive: 1
--- !u!4 &1709931839114901001
Transform:
  m_ObjectHideFlags: 0
  m_CorrespondingSourceObject: {fileID: 6295411409830261973, guid: 9849c94427ad04649b7f6f6888ae371a,
    type: 3}
  m_PrefabInstance: {fileID: 0}
  m_PrefabAsset: {fileID: 0}
  m_GameObject: {fileID: 8481616546491909570}
  m_LocalRotation: {x: 0, y: -0, z: -0, w: 1}
  m_LocalPosition: {x: -0, y: 0.00717353, z: 0}
  m_LocalScale: {x: 1, y: 1, z: 1}
  m_Children: []
  m_Father: {fileID: 524051409492720134}
  m_RootOrder: 0
  m_LocalEulerAnglesHint: {x: 0, y: 0, z: 0}
--- !u!1 &8617064467892790349
GameObject:
  m_ObjectHideFlags: 0
  m_CorrespondingSourceObject: {fileID: 6313155554173847566, guid: 9849c94427ad04649b7f6f6888ae371a,
    type: 3}
  m_PrefabInstance: {fileID: 0}
  m_PrefabAsset: {fileID: 0}
  serializedVersion: 6
  m_Component:
  - component: {fileID: 2964992175185294951}
  - component: {fileID: 94295759482761772}
  - component: {fileID: 8617064467892790351}
  - component: {fileID: 8617064467892790348}
  - component: {fileID: 8617064467892790344}
  m_Layer: 8
  m_Name: cat_01
  m_TagString: Player
  m_Icon: {fileID: 0}
  m_NavMeshLayer: 0
  m_StaticEditorFlags: 0
  m_IsActive: 1
--- !u!4 &2964992175185294951
Transform:
  m_ObjectHideFlags: 0
  m_CorrespondingSourceObject: {fileID: 7152345530678543395, guid: 9849c94427ad04649b7f6f6888ae371a,
    type: 3}
  m_PrefabInstance: {fileID: 0}
  m_PrefabAsset: {fileID: 0}
  m_GameObject: {fileID: 8617064467892790349}
  m_LocalRotation: {x: 0, y: 0.7071068, z: 0, w: 0.7071068}
  m_LocalPosition: {x: 8.28, y: 0.09, z: -0}
  m_LocalScale: {x: 1, y: 1, z: 1}
  m_Children:
  - {fileID: 7580094132898067115}
  - {fileID: 3008491227226436224}
  m_Father: {fileID: 0}
  m_RootOrder: 0
  m_LocalEulerAnglesHint: {x: 0, y: 90, z: 0}
--- !u!95 &94295759482761772
Animator:
  serializedVersion: 3
  m_ObjectHideFlags: 0
  m_CorrespondingSourceObject: {fileID: 4283846936760428047, guid: 9849c94427ad04649b7f6f6888ae371a,
    type: 3}
  m_PrefabInstance: {fileID: 0}
  m_PrefabAsset: {fileID: 0}
  m_GameObject: {fileID: 8617064467892790349}
  m_Enabled: 1
  m_Avatar: {fileID: 9000000, guid: 93026182f1c5e234f9a129d639f49de1, type: 3}
  m_Controller: {fileID: 9100000, guid: 72e806598a540bb44a0fba95bca25d36, type: 2}
  m_CullingMode: 1
  m_UpdateMode: 0
  m_ApplyRootMotion: 0
  m_LinearVelocityBlending: 0
  m_WarningMessage: 
  m_HasTransformHierarchy: 1
  m_AllowConstantClipSamplingOptimization: 1
  m_KeepAnimatorControllerStateOnDisable: 0
--- !u!54 &8617064467892790351
Rigidbody:
  m_ObjectHideFlags: 0
  m_CorrespondingSourceObject: {fileID: 0}
  m_PrefabInstance: {fileID: 0}
  m_PrefabAsset: {fileID: 0}
  m_GameObject: {fileID: 8617064467892790349}
  serializedVersion: 2
  m_Mass: 1
  m_Drag: 0
  m_AngularDrag: 0.05
  m_UseGravity: 1
  m_IsKinematic: 0
  m_Interpolate: 0
  m_Constraints: 122
  m_CollisionDetection: 0
--- !u!136 &8617064467892790348
CapsuleCollider:
  m_ObjectHideFlags: 0
  m_CorrespondingSourceObject: {fileID: 0}
  m_PrefabInstance: {fileID: 0}
  m_PrefabAsset: {fileID: 0}
  m_GameObject: {fileID: 8617064467892790349}
  m_Material: {fileID: 0}
  m_IsTrigger: 0
  m_Enabled: 1
  m_Radius: 1.6
  m_Height: 5
  m_Direction: 2
  m_Center: {x: 0, y: 1.6, z: -1}
--- !u!114 &8617064467892790344
MonoBehaviour:
  m_ObjectHideFlags: 0
  m_CorrespondingSourceObject: {fileID: 0}
  m_PrefabInstance: {fileID: 0}
  m_PrefabAsset: {fileID: 0}
  m_GameObject: {fileID: 8617064467892790349}
  m_Enabled: 1
  m_EditorHideFlags: 0
  m_Script: {fileID: 11500000, guid: 6d0687e5753a6274d89ae806ed07eb6c, type: 3}
  m_Name: 
  m_EditorClassIdentifier: 
  speed: 0.15
  jumpPower: 10
--- !u!1 &8623932236652243685
GameObject:
  m_ObjectHideFlags: 0
  m_CorrespondingSourceObject: {fileID: 1879431013181596248, guid: 9849c94427ad04649b7f6f6888ae371a,
    type: 3}
  m_PrefabInstance: {fileID: 0}
  m_PrefabAsset: {fileID: 0}
  serializedVersion: 6
  m_Component:
  - component: {fileID: 8051818857045847529}
  m_Layer: 8
  m_Name: Bone.008_R.002_end
  m_TagString: Untagged
  m_Icon: {fileID: 0}
  m_NavMeshLayer: 0
  m_StaticEditorFlags: 0
  m_IsActive: 1
--- !u!4 &8051818857045847529
Transform:
  m_ObjectHideFlags: 0
  m_CorrespondingSourceObject: {fileID: 6296590222990690859, guid: 9849c94427ad04649b7f6f6888ae371a,
    type: 3}
  m_PrefabInstance: {fileID: 0}
  m_PrefabAsset: {fileID: 0}
  m_GameObject: {fileID: 8623932236652243685}
  m_LocalRotation: {x: 0, y: -0, z: -0, w: 1}
  m_LocalPosition: {x: -0, y: 0.0030963542, z: 0}
  m_LocalScale: {x: 1, y: 1, z: 1}
  m_Children: []
  m_Father: {fileID: 2478720679917470949}
  m_RootOrder: 0
  m_LocalEulerAnglesHint: {x: 0, y: 0, z: 0}
--- !u!1 &8872051951437329517
GameObject:
  m_ObjectHideFlags: 0
  m_CorrespondingSourceObject: {fileID: 6601544177432199093, guid: 9849c94427ad04649b7f6f6888ae371a,
    type: 3}
  m_PrefabInstance: {fileID: 0}
  m_PrefabAsset: {fileID: 0}
  serializedVersion: 6
  m_Component:
  - component: {fileID: 1824020700574728458}
  m_Layer: 8
  m_Name: Bone.007
  m_TagString: Untagged
  m_Icon: {fileID: 0}
  m_NavMeshLayer: 0
  m_StaticEditorFlags: 0
  m_IsActive: 1
--- !u!4 &1824020700574728458
Transform:
  m_ObjectHideFlags: 0
  m_CorrespondingSourceObject: {fileID: 1777085709373417629, guid: 9849c94427ad04649b7f6f6888ae371a,
    type: 3}
  m_PrefabInstance: {fileID: 0}
  m_PrefabAsset: {fileID: 0}
  m_GameObject: {fileID: 8872051951437329517}
  m_LocalRotation: {x: 0.000000022427816, y: 0.98180914, z: -0.18987072, w: 0.00000013128793}
  m_LocalPosition: {x: -1.7763568e-17, y: 0.002577217, z: -1.8626378e-11}
  m_LocalScale: {x: 1, y: 1.0000001, z: 1}
  m_Children:
  - {fileID: 7091533355252941397}
  m_Father: {fileID: 4582554538783815132}
  m_RootOrder: 0
  m_LocalEulerAnglesHint: {x: 0, y: 0, z: 0}
--- !u!1 &9053732915276264352
GameObject:
  m_ObjectHideFlags: 0
  m_CorrespondingSourceObject: {fileID: 3975993952820179184, guid: 9849c94427ad04649b7f6f6888ae371a,
    type: 3}
  m_PrefabInstance: {fileID: 0}
  m_PrefabAsset: {fileID: 0}
  serializedVersion: 6
  m_Component:
  - component: {fileID: 1487597311940153195}
  m_Layer: 8
  m_Name: Bone.008_L
  m_TagString: Untagged
  m_Icon: {fileID: 0}
  m_NavMeshLayer: 0
  m_StaticEditorFlags: 0
  m_IsActive: 1
--- !u!4 &1487597311940153195
Transform:
  m_ObjectHideFlags: 0
  m_CorrespondingSourceObject: {fileID: 2297180591236943063, guid: 9849c94427ad04649b7f6f6888ae371a,
    type: 3}
  m_PrefabInstance: {fileID: 0}
  m_PrefabAsset: {fileID: 0}
  m_GameObject: {fileID: 9053732915276264352}
  m_LocalRotation: {x: -0.70522004, y: -0.24998257, z: -0.42302293, w: 0.5111018}
  m_LocalPosition: {x: 1.9471417e-16, y: 0.007252404, z: -2.9802322e-10}
  m_LocalScale: {x: 1, y: 1.0000001, z: 1.0000001}
  m_Children:
  - {fileID: 535493434427083872}
  m_Father: {fileID: 8545607635221944938}
  m_RootOrder: 0
  m_LocalEulerAnglesHint: {x: 0, y: 0, z: 0}
--- !u!1 &9056859809565684150
GameObject:
  m_ObjectHideFlags: 0
  m_CorrespondingSourceObject: {fileID: 8917257293862077219, guid: 9849c94427ad04649b7f6f6888ae371a,
    type: 3}
  m_PrefabInstance: {fileID: 0}
  m_PrefabAsset: {fileID: 0}
  serializedVersion: 6
  m_Component:
  - component: {fileID: 4245686806813753567}
  m_Layer: 8
  m_Name: Bone.003_R.001_end
  m_TagString: Untagged
  m_Icon: {fileID: 0}
  m_NavMeshLayer: 0
  m_StaticEditorFlags: 0
  m_IsActive: 1
--- !u!4 &4245686806813753567
Transform:
  m_ObjectHideFlags: 0
  m_CorrespondingSourceObject: {fileID: 5610418729023159699, guid: 9849c94427ad04649b7f6f6888ae371a,
    type: 3}
  m_PrefabInstance: {fileID: 0}
  m_PrefabAsset: {fileID: 0}
  m_GameObject: {fileID: 9056859809565684150}
  m_LocalRotation: {x: 0, y: -0, z: -0, w: 1}
  m_LocalPosition: {x: -0, y: 0.00717353, z: 0}
  m_LocalScale: {x: 1, y: 1, z: 1}
  m_Children: []
  m_Father: {fileID: 268253016812556879}
  m_RootOrder: 0
  m_LocalEulerAnglesHint: {x: 0, y: 0, z: 0}
--- !u!1 &9159708781220536252
GameObject:
  m_ObjectHideFlags: 0
  m_CorrespondingSourceObject: {fileID: 2884289245960109243, guid: 9849c94427ad04649b7f6f6888ae371a,
    type: 3}
  m_PrefabInstance: {fileID: 0}
  m_PrefabAsset: {fileID: 0}
  serializedVersion: 6
  m_Component:
  - component: {fileID: 6927270149195923811}
  m_Layer: 8
  m_Name: Bone.008_R.001
  m_TagString: Untagged
  m_Icon: {fileID: 0}
  m_NavMeshLayer: 0
  m_StaticEditorFlags: 0
  m_IsActive: 1
--- !u!4 &6927270149195923811
Transform:
  m_ObjectHideFlags: 0
  m_CorrespondingSourceObject: {fileID: 6225507203505914298, guid: 9849c94427ad04649b7f6f6888ae371a,
    type: 3}
  m_PrefabInstance: {fileID: 0}
  m_PrefabAsset: {fileID: 0}
  m_GameObject: {fileID: 9159708781220536252}
  m_LocalRotation: {x: 0.5674608, y: 0.01075528, z: -0.41295108, w: 0.71228087}
  m_LocalPosition: {x: -4.4703483e-10, y: 0.004887697, z: -0.0000000017881393}
  m_LocalScale: {x: 1, y: 1, z: 1.0000001}
  m_Children:
  - {fileID: 2478720679917470949}
  m_Father: {fileID: 5711465161507172392}
  m_RootOrder: 0
  m_LocalEulerAnglesHint: {x: 0, y: 0, z: 0}
--- !u!1 &9219769854038566385
GameObject:
  m_ObjectHideFlags: 0
  m_CorrespondingSourceObject: {fileID: 8014042052502174246, guid: 9849c94427ad04649b7f6f6888ae371a,
    type: 3}
  m_PrefabInstance: {fileID: 0}
  m_PrefabAsset: {fileID: 0}
  serializedVersion: 6
  m_Component:
  - component: {fileID: 424836610635685399}
  m_Layer: 8
  m_Name: Bone.002
  m_TagString: Untagged
  m_Icon: {fileID: 0}
  m_NavMeshLayer: 0
  m_StaticEditorFlags: 0
  m_IsActive: 1
--- !u!4 &424836610635685399
Transform:
  m_ObjectHideFlags: 0
  m_CorrespondingSourceObject: {fileID: 8417735070854589662, guid: 9849c94427ad04649b7f6f6888ae371a,
    type: 3}
  m_PrefabInstance: {fileID: 0}
  m_PrefabAsset: {fileID: 0}
  m_GameObject: {fileID: 9219769854038566385}
  m_LocalRotation: {x: -0.10385427, y: 0.000000118564685, z: 0.000000012380398, w: 0.99459255}
  m_LocalPosition: {x: 2.3333417e-18, y: 0.0047966237, z: 2.3283064e-12}
  m_LocalScale: {x: 1, y: 0.99999994, z: 1}
  m_Children:
  - {fileID: 3084752892613142721}
  m_Father: {fileID: 3349543089398006135}
  m_RootOrder: 0
  m_LocalEulerAnglesHint: {x: 0, y: 0, z: 0}
